@book{butcher1987numerical,
	title={The numerical analysis of ordinary differential equations: Runge-Kutta and general linear methods},
	author={Butcher, John Charles},
	year={1987},
	publisher={Wiley-Interscience}
}
@article{jameson1981numerical,
	title={Numerical solutions of the Euler equations by finite volume methods using Runge-Kutta time-stepping schemes},
	author={Jameson, Antony and Schmidt, Wolfgang and Turkel, Eli and others},
	journal={AIAA paper},
	volume={1259},
	pages={1981},
	year={1981}
}
@book{birdsall2004plasma,
	title={Plasma physics via computer simulation},
	author={Birdsall, Charles K and Langdon, A Bruce},
	year={2004},
	publisher={CRC Press}
}